{
    "annualReports": [
        {
            "costOfRevenue": "781862000",
            "discontinuedOperations": "None",
            "ebit": "-19070000",
            "effectOfAccountingCharges": "None",
            "extraordinaryItems": "None",
            "fiscalDateEnding": "2019-12-31",
            "grossProfit": "412789000",
            "incomeBeforeTax": "-19070000",
            "incomeTaxExpense": "-4428000",
            "interestExpense": "19229000",
            "interestIncome": "-19229000",
            "minorityInterest": "None",
            "netIncome": "-14642000",
            "netIncomeApplicableToCommonShares": "-14642000",
            "netIncomeFromContinuingOperations": "-14642000",
            "netInterestIncome": "-19229000",
            "nonRecurring": "None",
            "operatingIncome": "-2333000",
            "otherItems": "None",
            "otherNonOperatingIncome": "-16737000",
            "otherOperatingExpense": "None",
            "preferredStockAndOtherAdjustments": "None",
            "reportedCurrency": "USD",
            "researchAndDevelopment": "142894000",
            "sellingGeneralAdministrative": "272228000",
            "taxProvision": "-4428000",
            "totalOperatingExpense": "415122000",
            "totalOtherIncomeExpense": "1677000",
            "totalRevenue": "1194651000"
        },
        {
            "costOfRevenue": "786903000",
            "discontinuedOperations": "None",
            "ebit": "-107675000",
            "effectOfAccountingCharges": "None",
            "extraordinaryItems": "None",
            "fiscalDateEnding": "2018-12-31",
            "grossProfit": "361434000",
            "incomeBeforeTax": "-107675000",
            "incomeTaxExpense": "1359000",
            "interestExpense": "18683000",
            "interestIncome": "-18683000",
            "minorityInterest": "None",
            "netIncome": "-109034000",
            "netIncomeApplicableToCommonShares": "-109034000",
            "netIncomeFromContinuingOperations": "-109034000",
            "netInterestIncome": "-18683000",
            "nonRecurring": "None",
            "operatingIncome": "-93962000",
            "otherItems": "None",
            "otherNonOperatingIncome": "-13713000",
            "otherOperatingExpense": "None",
            "preferredStockAndOtherAdjustments": "None",
            "reportedCurrency": "USD",
            "researchAndDevelopment": "167296000",
            "sellingGeneralAdministrative": "288100000",
            "taxProvision": "1359000",
            "totalOperatingExpense": "455396000",
            "totalOtherIncomeExpense": "-3622000",
            "totalRevenue": "1148337000"
        },
        {
            "costOfRevenue": "795211000",
            "discontinuedOperations": "None",
            "ebit": "-176387000",
            "effectOfAccountingCharges": "None",
            "extraordinaryItems": "-74943000",
            "fiscalDateEnding": "2017-12-31",
            "grossProfit": "384530000",
            "incomeBeforeTax": "-176387000",
            "incomeTaxExpense": "6486000",
            "interestExpense": "13660000",
            "interestIncome": "-13660000",
            "minorityInterest": "None",
            "netIncome": "-182873000",
            "netIncomeApplicableToCommonShares": "-182873000",
            "netIncomeFromContinuingOperations": "-182873000",
            "netInterestIncome": "-13660000",
            "nonRecurring": "None",
            "operatingIncome": "-163460000",
            "otherItems": "None",
            "otherNonOperatingIncome": "-12927000",
            "otherOperatingExpense": "None",
            "preferredStockAndOtherAdjustments": "None",
            "reportedCurrency": "USD",
            "researchAndDevelopment": "229265000",
            "sellingGeneralAdministrative": "318725000",
            "taxProvision": "6486000",
            "totalOperatingExpense": "547990000",
            "totalOtherIncomeExpense": "-8811000",
            "totalRevenue": "1179741000"
        },
        {
            "costOfRevenue": "723561000",
            "discontinuedOperations": "None",
            "ebit": "-375174000",
            "effectOfAccountingCharges": "None",
            "extraordinaryItems": "None",
            "fiscalDateEnding": "2016-12-31",
            "grossProfit": "461920000",
            "incomeBeforeTax": "-375174000",
            "incomeTaxExpense": "43829000",
            "interestExpense": "-2992000",
            "interestIncome": "None",
            "minorityInterest": "None",
            "netIncome": "-419003000",
            "netIncomeApplicableToCommonShares": "-419003000",
            "netIncomeFromContinuingOperations": "-419003000",
            "netInterestIncome": "None",
            "nonRecurring": "None",
            "operatingIncome": "-372969000",
            "otherItems": "None",
            "otherNonOperatingIncome": "-2205000",
            "otherOperatingExpense": "None",
            "preferredStockAndOtherAdjustments": "None",
            "reportedCurrency": "USD",
            "researchAndDevelopment": "358902000",
            "sellingGeneralAdministrative": "475987000",
            "taxProvision": "43829000",
            "totalOperatingExpense": "834889000",
            "totalOtherIncomeExpense": "-28748000",
            "totalRevenue": "1185481000"
        },
        {
            "costOfRevenue": "946757000",
            "discontinuedOperations": "None",
            "ebit": "52585000",
            "effectOfAccountingCharges": "None",
            "extraordinaryItems": "None",
            "fiscalDateEnding": "2015-12-31",
            "grossProfit": "673214000",
            "incomeBeforeTax": "52585000",
            "incomeTaxExpense": "16454000",
            "interestExpense": "-1575000",
            "interestIncome": "None",
            "minorityInterest": "None",
            "netIncome": "36131000",
            "netIncomeApplicableToCommonShares": "36131000",
            "netIncomeFromContinuingOperations": "36131000",
            "netInterestIncome": "None",
            "nonRecurring": "None",
            "operatingIncome": "54748000",
            "otherItems": "None",
            "otherNonOperatingIncome": "-2163000",
            "otherOperatingExpense": "None",
            "preferredStockAndOtherAdjustments": "None",
            "reportedCurrency": "USD",
            "researchAndDevelopment": "241694000",
            "sellingGeneralAdministrative": "376772000",
            "taxProvision": "16454000",
            "totalOperatingExpense": "618466000",
            "totalOtherIncomeExpense": "-2163000",
            "totalRevenue": "1619971000"
        }
    ],
    "quarterlyReports": [
        {
            "costOfRevenue": "181195000",
            "discontinuedOperations": "None",
            "ebit": "14611000",
            "effectOfAccountingCharges": "None",
            "extraordinaryItems": "None",
            "fiscalDateEnding": "2020-09-30",
            "grossProfit": "99312000",
            "incomeBeforeTax": "4549000",
            "incomeTaxExpense": "1242000",
            "interestExpense": "5260000",
            "interestIncome": "None",
            "minorityInterest": "None",
            "netIncome": "3307000",
            "netIncomeApplicableToCommonShares": "3307000",
            "netIncomeFromContinuingOperations": "3307000",
            "netInterestIncome": "-5260000",
            "nonRecurring": "None",
            "operatingIncome": "13274000",
            "otherItems": "None",
            "otherNonOperatingIncome": "-4305000",
            "otherOperatingExpense": "None",
            "preferredStockAndOtherAdjustments": "None",
            "reportedCurrency": "USD",
            "researchAndDevelopment": "37235000",
            "sellingGeneralAdministrative": "48803000",
            "taxProvision": "1242000",
            "totalOperatingExpense": "267233000",
            "totalOtherIncomeExpense": "-3465000",
            "totalRevenue": "280507000"
        },
        {
            "costOfRevenue": "93554000",
            "discontinuedOperations": "None",
            "ebit": "-49906000",
            "effectOfAccountingCharges": "None",
            "extraordinaryItems": "None",
            "fiscalDateEnding": "2020-06-30",
            "grossProfit": "40692000",
            "incomeBeforeTax": "-49906000",
            "incomeTaxExpense": "1069000",
            "interestExpense": "4671000",
            "interestIncome": "None",
            "minorityInterest": "None",
            "netIncome": "-50975000",
            "netIncomeApplicableToCommonShares": "-50975000",
            "netIncomeFromContinuingOperations": "-50975000",
            "netInterestIncome": "-4671000",
            "nonRecurring": "None",
            "operatingIncome": "-44914000",
            "otherItems": "None",
            "otherNonOperatingIncome": "-4992000",
            "otherOperatingExpense": "None",
            "preferredStockAndOtherAdjustments": "None",
            "reportedCurrency": "USD",
            "researchAndDevelopment": "34558000",
            "sellingGeneralAdministrative": "51048000",
            "taxProvision": "1069000",
            "totalOperatingExpense": "85606000",
            "totalOtherIncomeExpense": "-8812000",
            "totalRevenue": "134246000"
        },
        {
            "costOfRevenue": "80973000",
            "discontinuedOperations": "None",
            "ebit": "-61129000",
            "effectOfAccountingCharges": "None",
            "extraordinaryItems": "None",
            "fiscalDateEnding": "2020-03-31",
            "grossProfit": "38427000",
            "incomeBeforeTax": "-61129000",
            "incomeTaxExpense": "2399000",
            "interestExpense": "4843000",
            "interestIncome": "-4843000",
            "minorityInterest": "None",
            "netIncome": "-63528000",
            "netIncomeApplicableToCommonShares": "-63528000",
            "netIncomeFromContinuingOperations": "-63528000",
            "netInterestIncome": "-4843000",
            "nonRecurring": "None",
            "operatingIncome": "-56114000",
            "otherItems": "None",
            "otherNonOperatingIncome": "-5015000",
            "otherOperatingExpense": "None",
            "preferredStockAndOtherAdjustments": "None",
            "reportedCurrency": "USD",
            "researchAndDevelopment": "32281000",
            "sellingGeneralAdministrative": "62260000",
            "taxProvision": "2399000",
            "totalOperatingExpense": "94541000",
            "totalOtherIncomeExpense": "-136000",
            "totalRevenue": "119400000"
        },
        {
            "costOfRevenue": "326520000",
            "discontinuedOperations": "None",
            "ebit": "91892000",
            "effectOfAccountingCharges": "None",
            "extraordinaryItems": "None",
            "fiscalDateEnding": "2019-12-31",
            "grossProfit": "201825000",
            "incomeBeforeTax": "91892000",
            "incomeTaxExpense": "-3928000",
            "interestExpense": "5197000",
            "interestIncome": "-5197000",
            "minorityInterest": "None",
            "netIncome": "95820000",
            "netIncomeApplicableToCommonShares": "95820000",
            "netIncomeFromContinuingOperations": "95820000",
            "netInterestIncome": "-5197000",
            "nonRecurring": "None",
            "operatingIncome": "96100000",
            "otherItems": "None",
            "otherNonOperatingIncome": "-4208000",
            "otherOperatingExpense": "None",
            "preferredStockAndOtherAdjustments": "None",
            "reportedCurrency": "USD",
            "researchAndDevelopment": "31679000",
            "sellingGeneralAdministrative": "74046000",
            "taxProvision": "-3928000",
            "totalOperatingExpense": "105725000",
            "totalOtherIncomeExpense": "989000",
            "totalRevenue": "528345000"
        },
        {
            "costOfRevenue": "102737000",
            "discontinuedOperations": "None",
            "ebit": "-75083000",
            "effectOfAccountingCharges": "None",
            "extraordinaryItems": "None",
            "fiscalDateEnding": "2019-09-30",
            "grossProfit": "28432000",
            "incomeBeforeTax": "-75083000",
            "incomeTaxExpense": "-273000",
            "interestExpense": "4623000",
            "interestIncome": "-4623000",
            "minorityInterest": "None",
            "netIncome": "-74810000",
            "netIncomeApplicableToCommonShares": "-74810000",
            "netIncomeFromContinuingOperations": "-74810000",
            "netInterestIncome": "-4623000",
            "nonRecurring": "None",
            "operatingIncome": "-71198000",
            "otherItems": "None",
            "otherNonOperatingIncome": "-3885000",
            "otherOperatingExpense": "None",
            "preferredStockAndOtherAdjustments": "None",
            "reportedCurrency": "USD",
            "researchAndDevelopment": "34940000",
            "sellingGeneralAdministrative": "64690000",
            "taxProvision": "-273000",
            "totalOperatingExpense": "99630000",
            "totalOtherIncomeExpense": "738000",
            "totalRevenue": "131169000"
        },
        {
            "costOfRevenue": "190244000",
            "discontinuedOperations": "None",
            "ebit": "-11892000",
            "effectOfAccountingCharges": "None",
            "extraordinaryItems": "None",
            "fiscalDateEnding": "2019-06-30",
            "grossProfit": "102185000",
            "incomeBeforeTax": "-11892000",
            "incomeTaxExpense": "-605000",
            "interestExpense": "4882000",
            "interestIncome": "-4882000",
            "minorityInterest": "None",
            "netIncome": "-11287000",
            "netIncomeApplicableToCommonShares": "-11287000",
            "netIncomeFromContinuingOperations": "-11287000",
            "netInterestIncome": "-4882000",
            "nonRecurring": "None",
            "operatingIncome": "-6947000",
            "otherItems": "None",
            "otherNonOperatingIncome": "-4945000",
            "otherOperatingExpense": "None",
            "preferredStockAndOtherAdjustments": "None",
            "reportedCurrency": "USD",
            "researchAndDevelopment": "38811000",
            "sellingGeneralAdministrative": "70321000",
            "taxProvision": "-605000",
            "totalOperatingExpense": "109132000",
            "totalOtherIncomeExpense": "-975000",
            "totalRevenue": "292429000"
        },
        {
            "costOfRevenue": "162361000",
            "discontinuedOperations": "None",
            "ebit": "-23987000",
            "effectOfAccountingCharges": "None",
            "extraordinaryItems": "None",
            "fiscalDateEnding": "2019-03-31",
            "grossProfit": "80347000",
            "incomeBeforeTax": "-23987000",
            "incomeTaxExpense": "378000",
            "interestExpense": "4527000",
            "interestIncome": "-4527000",
            "minorityInterest": "None",
            "netIncome": "-24365000",
            "netIncomeApplicableToCommonShares": "-24365000",
            "netIncomeFromContinuingOperations": "-24365000",
            "netInterestIncome": "-4527000",
            "nonRecurring": "None",
            "operatingIncome": "-20288000",
            "otherItems": "None",
            "otherNonOperatingIncome": "-3699000",
            "otherOperatingExpense": "None",
            "preferredStockAndOtherAdjustments": "None",
            "reportedCurrency": "USD",
            "researchAndDevelopment": "37464000",
            "sellingGeneralAdministrative": "63171000",
            "taxProvision": "378000",
            "totalOperatingExpense": "100635000",
            "totalOtherIncomeExpense": "925000",
            "totalRevenue": "242708000"
        },
        {
            "costOfRevenue": "235239000",
            "discontinuedOperations": "0",
            "ebit": "34184000",
            "effectOfAccountingCharges": "0",
            "extraordinaryItems": "0",
            "fiscalDateEnding": "2018-12-31",
            "grossProfit": "142139000",
            "incomeBeforeTax": "33326000",
            "incomeTaxExpense": "1655000",
            "interestExpense": "-4879000",
            "interestIncome": "None",
            "minorityInterest": "0",
            "netIncome": "31671000",
            "netIncomeApplicableToCommonShares": "31671000",
            "netIncomeFromContinuingOperations": "31671000",
            "netInterestIncome": "None",
            "nonRecurring": "0",
            "operatingIncome": "34184000",
            "otherItems": "0",
            "otherNonOperatingIncome": "None",
            "otherOperatingExpense": "0",
            "preferredStockAndOtherAdjustments": "None",
            "reportedCurrency": "USD",
            "researchAndDevelopment": "36173000",
            "sellingGeneralAdministrative": "71782000",
            "taxProvision": "None",
            "totalOperatingExpense": "343194000",
            "totalOtherIncomeExpense": "-858000",
            "totalRevenue": "377378000"
        },
        {
            "costOfRevenue": "194904000",
            "discontinuedOperations": "0",
            "ebit": "-25309000",
            "effectOfAccountingCharges": "0",
            "extraordinaryItems": "0",
            "fiscalDateEnding": "2018-09-30",
            "grossProfit": "91032000",
            "incomeBeforeTax": "-25309000",
            "incomeTaxExpense": "1780000",
            "interestExpense": "-4616000",
            "interestIncome": "None",
            "minorityInterest": "0",
            "netIncome": "-27089000",
            "netIncomeApplicableToCommonShares": "-27089000",
            "netIncomeFromContinuingOperations": "-27089000",
            "netInterestIncome": "None",
            "nonRecurring": "0",
            "operatingIncome": "-21354000",
            "otherItems": "0",
            "otherNonOperatingIncome": "-3955000",
            "otherOperatingExpense": "0",
            "preferredStockAndOtherAdjustments": "None",
            "reportedCurrency": "USD",
            "researchAndDevelopment": "41157000",
            "sellingGeneralAdministrative": "71229000",
            "taxProvision": "None",
            "totalOperatingExpense": "112386000",
            "totalOtherIncomeExpense": "-7971000",
            "totalRevenue": "285936000"
        },
        {
            "costOfRevenue": "199305000",
            "discontinuedOperations": "0",
            "ebit": "-30064000",
            "effectOfAccountingCharges": "0",
            "extraordinaryItems": "0",
            "fiscalDateEnding": "2018-06-30",
            "grossProfit": "83372000",
            "incomeBeforeTax": "-36563000",
            "incomeTaxExpense": "706000",
            "interestExpense": "-4621000",
            "interestIncome": "None",
            "minorityInterest": "0",
            "netIncome": "-37269000",
            "netIncomeApplicableToCommonShares": "-37269000",
            "netIncomeFromContinuingOperations": "-37269000",
            "netInterestIncome": "None",
            "nonRecurring": "0",
            "operatingIncome": "-30064000",
            "otherItems": "0",
            "otherNonOperatingIncome": "None",
            "otherOperatingExpense": "0",
            "preferredStockAndOtherAdjustments": "None",
            "reportedCurrency": "USD",
            "researchAndDevelopment": "38080000",
            "sellingGeneralAdministrative": "75356000",
            "taxProvision": "None",
            "totalOperatingExpense": "312741000",
            "totalOtherIncomeExpense": "-6499000",
            "totalRevenue": "282677000"
        },
        {
            "costOfRevenue": "157430000",
            "discontinuedOperations": "0",
            "ebit": "-79129000",
            "effectOfAccountingCharges": "0",
            "extraordinaryItems": "0",
            "fiscalDateEnding": "2018-03-31",
            "grossProfit": "44916000",
            "incomeBeforeTax": "-79129000",
            "incomeTaxExpense": "-2782000",
            "interestExpense": "-4567000",
            "interestIncome": "None",
            "minorityInterest": "0",
            "netIncome": "-76347000",
            "netIncomeApplicableToCommonShares": "-76347000",
            "netIncomeFromContinuingOperations": "-76347000",
            "netInterestIncome": "None",
            "nonRecurring": "0",
            "operatingIncome": "-74739000",
            "otherItems": "0",
            "otherNonOperatingIncome": "-4390000",
            "otherOperatingExpense": "0",
            "preferredStockAndOtherAdjustments": "None",
            "reportedCurrency": "USD",
            "researchAndDevelopment": "50979000",
            "sellingGeneralAdministrative": "68676000",
            "taxProvision": "None",
            "totalOperatingExpense": "119655000",
            "totalOtherIncomeExpense": "-21128000",
            "totalRevenue": "202346000"
        },
        {
            "costOfRevenue": "255010000",
            "discontinuedOperations": "0",
            "ebit": "-62791000",
            "effectOfAccountingCharges": "0",
            "extraordinaryItems": "0",
            "fiscalDateEnding": "2017-12-31",
            "grossProfit": "79786000",
            "incomeBeforeTax": "-62759000",
            "incomeTaxExpense": "-6943000",
            "interestExpense": "4508000",
            "interestIncome": "None",
            "minorityInterest": "0",
            "netIncome": "-55848000",
            "netIncomeApplicableToCommonShares": "-55848000",
            "netIncomeFromContinuingOperations": "-55816000",
            "netInterestIncome": "None",
            "nonRecurring": "0",
            "operatingIncome": "-58311000",
            "otherItems": "0",
            "otherNonOperatingIncome": "-4480000",
            "otherOperatingExpense": "0",
            "preferredStockAndOtherAdjustments": "None",
            "reportedCurrency": "USD",
            "researchAndDevelopment": "52504000",
            "sellingGeneralAdministrative": "85593000",
            "taxProvision": "None",
            "totalOperatingExpense": "138097000",
            "totalOtherIncomeExpense": "-33219000",
            "totalRevenue": "334796000"
        },
        {
            "costOfRevenue": "199259000",
            "discontinuedOperations": "0",
            "ebit": "3817000",
            "effectOfAccountingCharges": "0",
            "extraordinaryItems": "0",
            "fiscalDateEnding": "2017-09-30",
            "grossProfit": "130546000",
            "incomeBeforeTax": "3817000",
            "incomeTaxExpense": "-10844000",
            "interestExpense": "4554000",
            "interestIncome": "None",
            "minorityInterest": "0",
            "netIncome": "14661000",
            "netIncomeApplicableToCommonShares": "14661000",
            "netIncomeFromContinuingOperations": "14661000",
            "netInterestIncome": "None",
            "nonRecurring": "0",
            "operatingIncome": "8049000",
            "otherItems": "0",
            "otherNonOperatingIncome": "-4232000",
            "otherOperatingExpense": "0",
            "preferredStockAndOtherAdjustments": "None",
            "reportedCurrency": "USD",
            "researchAndDevelopment": "55098000",
            "sellingGeneralAdministrative": "67399000",
            "taxProvision": "None",
            "totalOperatingExpense": "122497000",
            "totalOtherIncomeExpense": "0",
            "totalRevenue": "329805000"
        },
        {
            "costOfRevenue": "190894000",
            "discontinuedOperations": "0",
            "ebit": "-28545000",
            "effectOfAccountingCharges": "0",
            "extraordinaryItems": "0",
            "fiscalDateEnding": "2017-06-30",
            "grossProfit": "105632000",
            "incomeBeforeTax": "-28545000",
            "incomeTaxExpense": "1991000",
            "interestExpense": "3784000",
            "interestIncome": "None",
            "minorityInterest": "0",
            "netIncome": "-30536000",
            "netIncomeApplicableToCommonShares": "-30536000",
            "netIncomeFromContinuingOperations": "-30536000",
            "netInterestIncome": "None",
            "nonRecurring": "0",
            "operatingIncome": "-24983000",
            "otherItems": "0",
            "otherNonOperatingIncome": "-3562000",
            "otherOperatingExpense": "0",
            "preferredStockAndOtherAdjustments": "None",
            "reportedCurrency": "USD",
            "researchAndDevelopment": "55497000",
            "sellingGeneralAdministrative": "75118000",
            "taxProvision": "None",
            "totalOperatingExpense": "130615000",
            "totalOtherIncomeExpense": "0",
            "totalRevenue": "296526000"
        },
        {
            "costOfRevenue": "150048000",
            "discontinuedOperations": "0",
            "ebit": "-88868000",
            "effectOfAccountingCharges": "0",
            "extraordinaryItems": "0",
            "fiscalDateEnding": "2017-03-31",
            "grossProfit": "68566000",
            "incomeBeforeTax": "-88900000",
            "incomeTaxExpense": "22282000",
            "interestExpense": "814000",
            "interestIncome": "None",
            "minorityInterest": "0",
            "netIncome": "-111150000",
            "netIncomeApplicableToCommonShares": "-111150000",
            "netIncomeFromContinuingOperations": "-111182000",
            "netInterestIncome": "None",
            "nonRecurring": "0",
            "operatingIncome": "-88215000",
            "otherItems": "0",
            "otherNonOperatingIncome": "-653000",
            "otherOperatingExpense": "0",
            "preferredStockAndOtherAdjustments": "None",
            "reportedCurrency": "USD",
            "researchAndDevelopment": "66166000",
            "sellingGeneralAdministrative": "90615000",
            "taxProvision": "None",
            "totalOperatingExpense": "156781000",
            "totalOtherIncomeExpense": "0",
            "totalRevenue": "218614000"
        },
        {
            "costOfRevenue": "328486000",
            "discontinuedOperations": "0",
            "ebit": "-28318000",
            "effectOfAccountingCharges": "0",
            "extraordinaryItems": "0",
            "fiscalDateEnding": "2016-12-31",
            "grossProfit": "212135000",
            "incomeBeforeTax": "-28318000",
            "incomeTaxExpense": "87391000",
            "interestExpense": "1177000",
            "interestIncome": "None",
            "minorityInterest": "0",
            "netIncome": "-115709000",
            "netIncomeApplicableToCommonShares": "-115709000",
            "netIncomeFromContinuingOperations": "-115709000",
            "netInterestIncome": "None",
            "nonRecurring": "0",
            "operatingIncome": "-26568000",
            "otherItems": "0",
            "otherNonOperatingIncome": "-1750000",
            "otherOperatingExpense": "0",
            "preferredStockAndOtherAdjustments": "None",
            "reportedCurrency": "USD",
            "researchAndDevelopment": "92728000",
            "sellingGeneralAdministrative": "145975000",
            "taxProvision": "None",
            "totalOperatingExpense": "238703000",
            "totalOtherIncomeExpense": "-52382000",
            "totalRevenue": "540621000"
        },
        {
            "costOfRevenue": "143500000",
            "discontinuedOperations": "0",
            "ebit": "-116397000",
            "effectOfAccountingCharges": "0",
            "extraordinaryItems": "0",
            "fiscalDateEnding": "2016-09-30",
            "grossProfit": "97069000",
            "incomeBeforeTax": "-116397000",
            "incomeTaxExpense": "-12329000",
            "interestExpense": "1156000",
            "interestIncome": "None",
            "minorityInterest": "0",
            "netIncome": "-104068000",
            "netIncomeApplicableToCommonShares": "-104068000",
            "netIncomeFromContinuingOperations": "-104068000",
            "netInterestIncome": "None",
            "nonRecurring": "0",
            "operatingIncome": "-115589000",
            "otherItems": "0",
            "otherNonOperatingIncome": "-808000",
            "otherOperatingExpense": "0",
            "preferredStockAndOtherAdjustments": "None",
            "reportedCurrency": "USD",
            "researchAndDevelopment": "96146000",
            "sellingGeneralAdministrative": "116512000",
            "taxProvision": "None",
            "totalOperatingExpense": "212658000",
            "totalOtherIncomeExpense": "0",
            "totalRevenue": "240569000"
        },
        {
            "costOfRevenue": "127753000",
            "discontinuedOperations": "0",
            "ebit": "-108717000",
            "effectOfAccountingCharges": "0",
            "extraordinaryItems": "0",
            "fiscalDateEnding": "2016-06-30",
            "grossProfit": "93002000",
            "incomeBeforeTax": "-108717000",
            "incomeTaxExpense": "-16950000",
            "interestExpense": "516000",
            "interestIncome": "None",
            "minorityInterest": "0",
            "netIncome": "-91767000",
            "netIncomeApplicableToCommonShares": "-91767000",
            "netIncomeFromContinuingOperations": "-91767000",
            "netInterestIncome": "None",
            "nonRecurring": "0",
            "operatingIncome": "-109377000",
            "otherItems": "0",
            "otherNonOperatingIncome": "660000",
            "otherOperatingExpense": "0",
            "preferredStockAndOtherAdjustments": "None",
            "reportedCurrency": "USD",
            "researchAndDevelopment": "93049000",
            "sellingGeneralAdministrative": "109330000",
            "taxProvision": "None",
            "totalOperatingExpense": "202379000",
            "totalOtherIncomeExpense": "0",
            "totalRevenue": "220755000"
        },
        {
            "costOfRevenue": "115136000",
            "discontinuedOperations": "0",
            "ebit": "-121742000",
            "effectOfAccountingCharges": "0",
            "extraordinaryItems": "0",
            "fiscalDateEnding": "2016-03-31",
            "grossProfit": "59714000",
            "incomeBeforeTax": "-121742000",
            "incomeTaxExpense": "-14283000",
            "interestExpense": "143000",
            "interestIncome": "None",
            "minorityInterest": "0",
            "netIncome": "-107459000",
            "netIncomeApplicableToCommonShares": "-107459000",
            "netIncomeFromContinuingOperations": "-107459000",
            "netInterestIncome": "None",
            "nonRecurring": "0",
            "operatingIncome": "-121435000",
            "otherItems": "0",
            "otherNonOperatingIncome": "-307000",
            "otherOperatingExpense": "0",
            "preferredStockAndOtherAdjustments": "None",
            "reportedCurrency": "USD",
            "researchAndDevelopment": "76979000",
            "sellingGeneralAdministrative": "104170000",
            "taxProvision": "None",
            "totalOperatingExpense": "181149000",
            "totalOtherIncomeExpense": "0",
            "totalRevenue": "183536000"
        },
        {
            "costOfRevenue": "308092000",
            "discontinuedOperations": "0",
            "ebit": "-40972000",
            "effectOfAccountingCharges": "0",
            "extraordinaryItems": "0",
            "fiscalDateEnding": "2015-12-31",
            "grossProfit": "128511000",
            "incomeBeforeTax": "-40972000",
            "incomeTaxExpense": "-6521000",
            "interestExpense": "-1575000",
            "interestIncome": "None",
            "minorityInterest": "0",
            "netIncome": "-34451000",
            "netIncomeApplicableToCommonShares": "-34451000",
            "netIncomeFromContinuingOperations": "-34451000",
            "netInterestIncome": "None",
            "nonRecurring": "0",
            "operatingIncome": "-41294000",
            "otherItems": "0",
            "otherNonOperatingIncome": "322000",
            "otherOperatingExpense": "0",
            "preferredStockAndOtherAdjustments": "None",
            "reportedCurrency": "USD",
            "researchAndDevelopment": "66432000",
            "sellingGeneralAdministrative": "103373000",
            "taxProvision": "None",
            "totalOperatingExpense": "169805000",
            "totalOtherIncomeExpense": "-2163000",
            "totalRevenue": "436603000"
        },
        {
            "costOfRevenue": "213710000",
            "discontinuedOperations": "0",
            "ebit": "27273000",
            "effectOfAccountingCharges": "0",
            "extraordinaryItems": "0",
            "fiscalDateEnding": "2015-09-30",
            "grossProfit": "186630000",
            "incomeBeforeTax": "27273000",
            "incomeTaxExpense": "8474000",
            "interestExpense": "0",
            "interestIncome": "None",
            "minorityInterest": "0",
            "netIncome": "18799000",
            "netIncomeApplicableToCommonShares": "18799000",
            "netIncomeFromContinuingOperations": "18799000",
            "netInterestIncome": "None",
            "nonRecurring": "0",
            "operatingIncome": "27636000",
            "otherItems": "0",
            "otherNonOperatingIncome": "-363000",
            "otherOperatingExpense": "0",
            "preferredStockAndOtherAdjustments": "None",
            "reportedCurrency": "USD",
            "researchAndDevelopment": "67372000",
            "sellingGeneralAdministrative": "91622000",
            "taxProvision": "None",
            "totalOperatingExpense": "158994000",
            "totalOtherIncomeExpense": "0",
            "totalRevenue": "400340000"
        }
    ],
    "symbol": "GPRO"
}