{
    "annualReports": [
        {
            "costOfRevenue": "4150000000",
            "discontinuedOperations": "None",
            "ebit": "3022000000",
            "effectOfAccountingCharges": "None",
            "extraordinaryItems": "None",
            "fiscalDateEnding": "2020-01-31",
            "grossProfit": "6768000000",
            "incomeBeforeTax": "2970000000",
            "incomeTaxExpense": "174000000",
            "interestExpense": "52000000",
            "interestIncome": "178000000",
            "minorityInterest": "None",
            "netIncome": "2796000000",
            "netIncomeApplicableToCommonShares": "2796000000",
            "netIncomeFromContinuingOperations": "2796000000",
            "netInterestIncome": "126000000",
            "nonRecurring": "None",
            "operatingIncome": "2846000000",
            "otherItems": "None",
            "otherNonOperatingIncome": "176000000",
            "otherOperatingExpense": "None",
            "preferredStockAndOtherAdjustments": "None",
            "reportedCurrency": "USD",
            "researchAndDevelopment": "2829000000",
            "sellingGeneralAdministrative": "1093000000",
            "taxProvision": "174000000",
            "totalOperatingExpense": "3922000000",
            "totalOtherIncomeExpense": "-2000000",
            "totalRevenue": "10918000000"
        },
        {
            "costOfRevenue": "4545000000",
            "discontinuedOperations": "None",
            "ebit": "4216000000",
            "effectOfAccountingCharges": "None",
            "extraordinaryItems": "368000000",
            "fiscalDateEnding": "2019-01-31",
            "grossProfit": "7171000000",
            "incomeBeforeTax": "3896000000",
            "incomeTaxExpense": "-245000000",
            "interestExpense": "58000000",
            "interestIncome": "136000000",
            "minorityInterest": "None",
            "netIncome": "4141000000",
            "netIncomeApplicableToCommonShares": "4141000000",
            "netIncomeFromContinuingOperations": "4141000000",
            "netInterestIncome": "78000000",
            "nonRecurring": "None",
            "operatingIncome": "3804000000",
            "otherItems": "None",
            "otherNonOperatingIncome": "150000000",
            "otherOperatingExpense": "None",
            "preferredStockAndOtherAdjustments": "None",
            "reportedCurrency": "USD",
            "researchAndDevelopment": "2376000000",
            "sellingGeneralAdministrative": "991000000",
            "taxProvision": "-245000000",
            "totalOperatingExpense": "7912000000",
            "totalOtherIncomeExpense": "14000000",
            "totalRevenue": "11716000000"
        },
        {
            "costOfRevenue": "3892000000",
            "discontinuedOperations": "None",
            "ebit": "3456000000",
            "effectOfAccountingCharges": "None",
            "extraordinaryItems": "133000000",
            "fiscalDateEnding": "2018-01-31",
            "grossProfit": "5822000000",
            "incomeBeforeTax": "3196000000",
            "incomeTaxExpense": "149000000",
            "interestExpense": "61000000",
            "interestIncome": "69000000",
            "minorityInterest": "None",
            "netIncome": "3047000000",
            "netIncomeApplicableToCommonShares": "3047000000",
            "netIncomeFromContinuingOperations": "3047000000",
            "netInterestIncome": "8000000",
            "nonRecurring": "None",
            "operatingIncome": "3210000000",
            "otherItems": "None",
            "otherNonOperatingIncome": "47000000",
            "otherOperatingExpense": "None",
            "preferredStockAndOtherAdjustments": "None",
            "reportedCurrency": "USD",
            "researchAndDevelopment": "1797000000",
            "sellingGeneralAdministrative": "815000000",
            "taxProvision": "149000000",
            "totalOperatingExpense": "6504000000",
            "totalOtherIncomeExpense": "-22000000",
            "totalRevenue": "9714000000"
        },
        {
            "costOfRevenue": "2847000000",
            "discontinuedOperations": "None",
            "ebit": "2150000000",
            "effectOfAccountingCharges": "None",
            "extraordinaryItems": "None",
            "fiscalDateEnding": "2017-01-31",
            "grossProfit": "4063000000",
            "incomeBeforeTax": "1905000000",
            "incomeTaxExpense": "239000000",
            "interestExpense": "58000000",
            "interestIncome": "54000000",
            "minorityInterest": "None",
            "netIncome": "1666000000",
            "netIncomeApplicableToCommonShares": "1666000000",
            "netIncomeFromContinuingOperations": "1666000000",
            "netInterestIncome": "-4000000",
            "nonRecurring": "3000000",
            "operatingIncome": "1937000000",
            "otherItems": "None",
            "otherNonOperatingIncome": "29000000",
            "otherOperatingExpense": "None",
            "preferredStockAndOtherAdjustments": "None",
            "reportedCurrency": "USD",
            "researchAndDevelopment": "1463000000",
            "sellingGeneralAdministrative": "663000000",
            "taxProvision": "239000000",
            "totalOperatingExpense": "4973000000",
            "totalOtherIncomeExpense": "-28000000",
            "totalRevenue": "6910000000"
        },
        {
            "costOfRevenue": "2199000000",
            "discontinuedOperations": "None",
            "ebit": "790000000",
            "effectOfAccountingCharges": "None",
            "extraordinaryItems": "None",
            "fiscalDateEnding": "2016-01-31",
            "grossProfit": "2811000000",
            "incomeBeforeTax": "743000000",
            "incomeTaxExpense": "129000000",
            "interestExpense": "47000000",
            "interestIncome": "-8000000",
            "minorityInterest": "None",
            "netIncome": "614000000",
            "netIncomeApplicableToCommonShares": "614000000",
            "netIncomeFromContinuingOperations": "614000000",
            "netInterestIncome": "None",
            "nonRecurring": "131000000",
            "operatingIncome": "747000000",
            "otherItems": "None",
            "otherNonOperatingIncome": "43000000",
            "otherOperatingExpense": "None",
            "preferredStockAndOtherAdjustments": "None",
            "reportedCurrency": "USD",
            "researchAndDevelopment": "1331000000",
            "sellingGeneralAdministrative": "602000000",
            "taxProvision": "129000000",
            "totalOperatingExpense": "2064000000",
            "totalOtherIncomeExpense": "-135000000",
            "totalRevenue": "5010000000"
        }
    ],
    "quarterlyReports": [
        {
            "costOfRevenue": "1766000000",
            "discontinuedOperations": "None",
            "ebit": "1700000000",
            "effectOfAccountingCharges": "None",
            "extraordinaryItems": "None",
            "fiscalDateEnding": "2020-10-31",
            "grossProfit": "2960000000",
            "incomeBeforeTax": "1348000000",
            "incomeTaxExpense": "12000000",
            "interestExpense": "53000000",
            "interestIncome": "7000000",
            "minorityInterest": "None",
            "netIncome": "1336000000",
            "netIncomeApplicableToCommonShares": "1336000000",
            "netIncomeFromContinuingOperations": "1336000000",
            "netInterestIncome": "-46000000",
            "nonRecurring": "None",
            "operatingIncome": "1398000000",
            "otherItems": "None",
            "otherNonOperatingIncome": "3000000",
            "otherOperatingExpense": "None",
            "preferredStockAndOtherAdjustments": "None",
            "reportedCurrency": "USD",
            "researchAndDevelopment": "1047000000",
            "sellingGeneralAdministrative": "515000000",
            "taxProvision": "12000000",
            "totalOperatingExpense": "3328000000",
            "totalOtherIncomeExpense": "-4000000",
            "totalRevenue": "4726000000"
        },
        {
            "costOfRevenue": "1591000000",
            "discontinuedOperations": "None",
            "ebit": "1067000000",
            "effectOfAccountingCharges": "None",
            "extraordinaryItems": "None",
            "fiscalDateEnding": "2020-07-31",
            "grossProfit": "2275000000",
            "incomeBeforeTax": "609000000",
            "incomeTaxExpense": "-13000000",
            "interestExpense": "54000000",
            "interestIncome": "13000000",
            "minorityInterest": "None",
            "netIncome": "622000000",
            "netIncomeApplicableToCommonShares": "622000000",
            "netIncomeFromContinuingOperations": "622000000",
            "netInterestIncome": "-41000000",
            "nonRecurring": "None",
            "operatingIncome": "651000000",
            "otherItems": "None",
            "otherNonOperatingIncome": "12000000",
            "otherOperatingExpense": "None",
            "preferredStockAndOtherAdjustments": "None",
            "reportedCurrency": "USD",
            "researchAndDevelopment": "997000000",
            "sellingGeneralAdministrative": "627000000",
            "taxProvision": "-13000000",
            "totalOperatingExpense": "3215000000",
            "totalOtherIncomeExpense": "-1000000",
            "totalRevenue": "3866000000"
        },
        {
            "costOfRevenue": "1076000000",
            "discontinuedOperations": "None",
            "ebit": "1006000000",
            "effectOfAccountingCharges": "None",
            "extraordinaryItems": "None",
            "fiscalDateEnding": "2020-04-30",
            "grossProfit": "2004000000",
            "incomeBeforeTax": "981000000",
            "incomeTaxExpense": "64000000",
            "interestExpense": "25000000",
            "interestIncome": "31000000",
            "minorityInterest": "None",
            "netIncome": "917000000",
            "netIncomeApplicableToCommonShares": "917000000",
            "netIncomeFromContinuingOperations": "917000000",
            "netInterestIncome": "6000000",
            "nonRecurring": "None",
            "operatingIncome": "976000000",
            "otherItems": "None",
            "otherNonOperatingIncome": "30000000",
            "otherOperatingExpense": "None",
            "preferredStockAndOtherAdjustments": "None",
            "reportedCurrency": "USD",
            "researchAndDevelopment": "735000000",
            "sellingGeneralAdministrative": "293000000",
            "taxProvision": "64000000",
            "totalOperatingExpense": "1028000000",
            "totalOtherIncomeExpense": "-1000000",
            "totalRevenue": "3080000000"
        },
        {
            "costOfRevenue": "1090000000",
            "discontinuedOperations": "None",
            "ebit": "1029000000",
            "effectOfAccountingCharges": "None",
            "extraordinaryItems": "None",
            "fiscalDateEnding": "2020-01-31",
            "grossProfit": "2015000000",
            "incomeBeforeTax": "1016000000",
            "incomeTaxExpense": "65000000",
            "interestExpense": "13000000",
            "interestIncome": "41000000",
            "minorityInterest": "None",
            "netIncome": "951000000",
            "netIncomeApplicableToCommonShares": "951000000",
            "netIncomeFromContinuingOperations": "951000000",
            "netInterestIncome": "28000000",
            "nonRecurring": "None",
            "operatingIncome": "990000000",
            "otherItems": "None",
            "otherNonOperatingIncome": "39000000",
            "otherOperatingExpense": "None",
            "preferredStockAndOtherAdjustments": "None",
            "reportedCurrency": "USD",
            "researchAndDevelopment": "739000000",
            "sellingGeneralAdministrative": "286000000",
            "taxProvision": "65000000",
            "totalOperatingExpense": "1025000000",
            "totalOtherIncomeExpense": "-3000000",
            "totalRevenue": "3105000000"
        },
        {
            "costOfRevenue": "1098000000",
            "discontinuedOperations": "None",
            "ebit": "1064000000",
            "effectOfAccountingCharges": "None",
            "extraordinaryItems": "None",
            "fiscalDateEnding": "2019-10-31",
            "grossProfit": "1916000000",
            "incomeBeforeTax": "959000000",
            "incomeTaxExpense": "60000000",
            "interestExpense": "13000000",
            "interestIncome": "45000000",
            "minorityInterest": "None",
            "netIncome": "899000000",
            "netIncomeApplicableToCommonShares": "899000000",
            "netIncomeFromContinuingOperations": "899000000",
            "netInterestIncome": "32000000",
            "nonRecurring": "None",
            "operatingIncome": "927000000",
            "otherItems": "None",
            "otherNonOperatingIncome": "45000000",
            "otherOperatingExpense": "None",
            "preferredStockAndOtherAdjustments": "None",
            "reportedCurrency": "USD",
            "researchAndDevelopment": "712000000",
            "sellingGeneralAdministrative": "277000000",
            "taxProvision": "60000000",
            "totalOperatingExpense": "2087000000",
            "totalOtherIncomeExpense": "32000000",
            "totalRevenue": "3014000000"
        },
        {
            "costOfRevenue": "1038000000",
            "discontinuedOperations": "None",
            "ebit": "711000000",
            "effectOfAccountingCharges": "None",
            "extraordinaryItems": "None",
            "fiscalDateEnding": "2019-07-31",
            "grossProfit": "1541000000",
            "incomeBeforeTax": "606000000",
            "incomeTaxExpense": "54000000",
            "interestExpense": "13000000",
            "interestIncome": "47000000",
            "minorityInterest": "None",
            "netIncome": "552000000",
            "netIncomeApplicableToCommonShares": "552000000",
            "netIncomeFromContinuingOperations": "552000000",
            "netInterestIncome": "34000000",
            "nonRecurring": "None",
            "operatingIncome": "571000000",
            "otherItems": "None",
            "otherNonOperatingIncome": "48000000",
            "otherOperatingExpense": "None",
            "preferredStockAndOtherAdjustments": "None",
            "reportedCurrency": "USD",
            "researchAndDevelopment": "704000000",
            "sellingGeneralAdministrative": "266000000",
            "taxProvision": "54000000",
            "totalOperatingExpense": "2008000000",
            "totalOtherIncomeExpense": "1000000",
            "totalRevenue": "2579000000"
        },
        {
            "costOfRevenue": "924000000",
            "discontinuedOperations": "None",
            "ebit": "402000000",
            "effectOfAccountingCharges": "None",
            "extraordinaryItems": "None",
            "fiscalDateEnding": "2019-04-30",
            "grossProfit": "1296000000",
            "incomeBeforeTax": "389000000",
            "incomeTaxExpense": "-5000000",
            "interestExpense": "13000000",
            "interestIncome": "44000000",
            "minorityInterest": "None",
            "netIncome": "394000000",
            "netIncomeApplicableToCommonShares": "394000000",
            "netIncomeFromContinuingOperations": "394000000",
            "netInterestIncome": "31000000",
            "nonRecurring": "None",
            "operatingIncome": "358000000",
            "otherItems": "None",
            "otherNonOperatingIncome": "44000000",
            "otherOperatingExpense": "None",
            "preferredStockAndOtherAdjustments": "None",
            "reportedCurrency": "USD",
            "researchAndDevelopment": "674000000",
            "sellingGeneralAdministrative": "264000000",
            "taxProvision": "-5000000",
            "totalOperatingExpense": "938000000",
            "totalOtherIncomeExpense": "31000000",
            "totalRevenue": "2220000000"
        },
        {
            "costOfRevenue": "998000000",
            "discontinuedOperations": "0",
            "ebit": "338000000",
            "effectOfAccountingCharges": "0",
            "extraordinaryItems": "230000000",
            "fiscalDateEnding": "2019-01-31",
            "grossProfit": "1207000000",
            "incomeBeforeTax": "324000000",
            "incomeTaxExpense": "-242000000",
            "interestExpense": "14000000",
            "interestIncome": "None",
            "minorityInterest": "0",
            "netIncome": "566000000",
            "netIncomeApplicableToCommonShares": "566000000",
            "netIncomeFromContinuingOperations": "566000000",
            "netInterestIncome": "None",
            "nonRecurring": "0",
            "operatingIncome": "294000000",
            "otherItems": "0",
            "otherNonOperatingIncome": "44000000",
            "otherOperatingExpense": "0",
            "preferredStockAndOtherAdjustments": "None",
            "reportedCurrency": "USD",
            "researchAndDevelopment": "648000000",
            "sellingGeneralAdministrative": "265000000",
            "taxProvision": "-12000000",
            "totalOperatingExpense": "913000000",
            "totalOtherIncomeExpense": "2000000",
            "totalRevenue": "2205000000"
        },
        {
            "costOfRevenue": "1260000000",
            "discontinuedOperations": "0",
            "ebit": "1096000000",
            "effectOfAccountingCharges": "0",
            "extraordinaryItems": "0",
            "fiscalDateEnding": "2018-10-31",
            "grossProfit": "1921000000",
            "incomeBeforeTax": "1081000000",
            "incomeTaxExpense": "-149000000",
            "interestExpense": "15000000",
            "interestIncome": "None",
            "minorityInterest": "0",
            "netIncome": "1230000000",
            "netIncomeApplicableToCommonShares": "1230000000",
            "netIncomeFromContinuingOperations": "1230000000",
            "netInterestIncome": "None",
            "nonRecurring": "0",
            "operatingIncome": "1058000000",
            "otherItems": "0",
            "otherNonOperatingIncome": "38000000",
            "otherOperatingExpense": "0",
            "preferredStockAndOtherAdjustments": "None",
            "reportedCurrency": "USD",
            "researchAndDevelopment": "605000000",
            "sellingGeneralAdministrative": "258000000",
            "taxProvision": "None",
            "totalOperatingExpense": "863000000",
            "totalOtherIncomeExpense": "23000000",
            "totalRevenue": "3181000000"
        },
        {
            "costOfRevenue": "1148000000",
            "discontinuedOperations": "0",
            "ebit": "1194000000",
            "effectOfAccountingCharges": "0",
            "extraordinaryItems": "0",
            "fiscalDateEnding": "2018-07-31",
            "grossProfit": "1975000000",
            "incomeBeforeTax": "1180000000",
            "incomeTaxExpense": "79000000",
            "interestExpense": "14000000",
            "interestIncome": "None",
            "minorityInterest": "0",
            "netIncome": "1101000000",
            "netIncomeApplicableToCommonShares": "1101000000",
            "netIncomeFromContinuingOperations": "1101000000",
            "netInterestIncome": "None",
            "nonRecurring": "0",
            "operatingIncome": "1157000000",
            "otherItems": "0",
            "otherNonOperatingIncome": "37000000",
            "otherOperatingExpense": "0",
            "preferredStockAndOtherAdjustments": "None",
            "reportedCurrency": "USD",
            "researchAndDevelopment": "581000000",
            "sellingGeneralAdministrative": "237000000",
            "taxProvision": "None",
            "totalOperatingExpense": "818000000",
            "totalOtherIncomeExpense": "23000000",
            "totalRevenue": "3123000000"
        },
        {
            "costOfRevenue": "1139000000",
            "discontinuedOperations": "0",
            "ebit": "1326000000",
            "effectOfAccountingCharges": "0",
            "extraordinaryItems": "0",
            "fiscalDateEnding": "2018-04-30",
            "grossProfit": "2068000000",
            "incomeBeforeTax": "1311000000",
            "incomeTaxExpense": "67000000",
            "interestExpense": "15000000",
            "interestIncome": "None",
            "minorityInterest": "0",
            "netIncome": "1244000000",
            "netIncomeApplicableToCommonShares": "1244000000",
            "netIncomeFromContinuingOperations": "1244000000",
            "netInterestIncome": "None",
            "nonRecurring": "0",
            "operatingIncome": "1295000000",
            "otherItems": "0",
            "otherNonOperatingIncome": "31000000",
            "otherOperatingExpense": "0",
            "preferredStockAndOtherAdjustments": "None",
            "reportedCurrency": "USD",
            "researchAndDevelopment": "542000000",
            "sellingGeneralAdministrative": "231000000",
            "taxProvision": "None",
            "totalOperatingExpense": "773000000",
            "totalOtherIncomeExpense": "16000000",
            "totalRevenue": "3207000000"
        },
        {
            "costOfRevenue": "1110000000",
            "discontinuedOperations": "0",
            "ebit": "1095000000",
            "effectOfAccountingCharges": "0",
            "extraordinaryItems": "0",
            "fiscalDateEnding": "2018-01-31",
            "grossProfit": "1801000000",
            "incomeBeforeTax": "1080000000",
            "incomeTaxExpense": "-39000000",
            "interestExpense": "15000000",
            "interestIncome": "None",
            "minorityInterest": "0",
            "netIncome": "1119000000",
            "netIncomeApplicableToCommonShares": "1119000000",
            "netIncomeFromContinuingOperations": "1119000000",
            "netInterestIncome": "None",
            "nonRecurring": "0",
            "operatingIncome": "1073000000",
            "otherItems": "0",
            "otherNonOperatingIncome": "22000000",
            "otherOperatingExpense": "0",
            "preferredStockAndOtherAdjustments": "None",
            "reportedCurrency": "USD",
            "researchAndDevelopment": "508000000",
            "sellingGeneralAdministrative": "220000000",
            "taxProvision": "None",
            "totalOperatingExpense": "728000000",
            "totalOtherIncomeExpense": "-15000000",
            "totalRevenue": "2911000000"
        },
        {
            "costOfRevenue": "1067000000",
            "discontinuedOperations": "0",
            "ebit": "911000000",
            "effectOfAccountingCharges": "0",
            "extraordinaryItems": "0",
            "fiscalDateEnding": "2017-10-31",
            "grossProfit": "1569000000",
            "incomeBeforeTax": "896000000",
            "incomeTaxExpense": "58000000",
            "interestExpense": "15000000",
            "interestIncome": "None",
            "minorityInterest": "0",
            "netIncome": "838000000",
            "netIncomeApplicableToCommonShares": "838000000",
            "netIncomeFromContinuingOperations": "838000000",
            "netInterestIncome": "None",
            "nonRecurring": "0",
            "operatingIncome": "895000000",
            "otherItems": "0",
            "otherNonOperatingIncome": "16000000",
            "otherOperatingExpense": "0",
            "preferredStockAndOtherAdjustments": "None",
            "reportedCurrency": "USD",
            "researchAndDevelopment": "462000000",
            "sellingGeneralAdministrative": "212000000",
            "taxProvision": "None",
            "totalOperatingExpense": "674000000",
            "totalOtherIncomeExpense": "4000000",
            "totalRevenue": "2636000000"
        },
        {
            "costOfRevenue": "928000000",
            "discontinuedOperations": "0",
            "ebit": "699000000",
            "effectOfAccountingCharges": "0",
            "extraordinaryItems": "0",
            "fiscalDateEnding": "2017-07-31",
            "grossProfit": "1302000000",
            "incomeBeforeTax": "684000000",
            "incomeTaxExpense": "101000000",
            "interestExpense": "15000000",
            "interestIncome": "None",
            "minorityInterest": "0",
            "netIncome": "583000000",
            "netIncomeApplicableToCommonShares": "583000000",
            "netIncomeFromContinuingOperations": "583000000",
            "netInterestIncome": "None",
            "nonRecurring": "0",
            "operatingIncome": "688000000",
            "otherItems": "0",
            "otherNonOperatingIncome": "11000000",
            "otherOperatingExpense": "0",
            "preferredStockAndOtherAdjustments": "None",
            "reportedCurrency": "USD",
            "researchAndDevelopment": "416000000",
            "sellingGeneralAdministrative": "198000000",
            "taxProvision": "None",
            "totalOperatingExpense": "614000000",
            "totalOtherIncomeExpense": "15000000",
            "totalRevenue": "2230000000"
        },
        {
            "costOfRevenue": "787000000",
            "discontinuedOperations": "0",
            "ebit": "552000000",
            "effectOfAccountingCharges": "0",
            "extraordinaryItems": "0",
            "fiscalDateEnding": "2017-04-30",
            "grossProfit": "1150000000",
            "incomeBeforeTax": "536000000",
            "incomeTaxExpense": "29000000",
            "interestExpense": "16000000",
            "interestIncome": "None",
            "minorityInterest": "0",
            "netIncome": "507000000",
            "netIncomeApplicableToCommonShares": "507000000",
            "netIncomeFromContinuingOperations": "507000000",
            "netInterestIncome": "None",
            "nonRecurring": "0",
            "operatingIncome": "554000000",
            "otherItems": "0",
            "otherNonOperatingIncome": "-2000000",
            "otherOperatingExpense": "0",
            "preferredStockAndOtherAdjustments": "None",
            "reportedCurrency": "USD",
            "researchAndDevelopment": "411000000",
            "sellingGeneralAdministrative": "185000000",
            "taxProvision": "None",
            "totalOperatingExpense": "596000000",
            "totalOtherIncomeExpense": "-18000000",
            "totalRevenue": "1937000000"
        },
        {
            "costOfRevenue": "870000000",
            "discontinuedOperations": "0",
            "ebit": "744000000",
            "effectOfAccountingCharges": "0",
            "extraordinaryItems": "0",
            "fiscalDateEnding": "2017-01-31",
            "grossProfit": "1303000000",
            "incomeBeforeTax": "726000000",
            "incomeTaxExpense": "51000000",
            "interestExpense": "18000000",
            "interestIncome": "None",
            "minorityInterest": "0",
            "netIncome": "675000000",
            "netIncomeApplicableToCommonShares": "675000000",
            "netIncomeFromContinuingOperations": "675000000",
            "netInterestIncome": "None",
            "nonRecurring": "3000000",
            "operatingIncome": "733000000",
            "otherItems": "0",
            "otherNonOperatingIncome": "11000000",
            "otherOperatingExpense": "0",
            "preferredStockAndOtherAdjustments": "None",
            "reportedCurrency": "USD",
            "researchAndDevelopment": "394000000",
            "sellingGeneralAdministrative": "176000000",
            "taxProvision": "None",
            "totalOperatingExpense": "570000000",
            "totalOtherIncomeExpense": "-32000000",
            "totalRevenue": "2173000000"
        },
        {
            "costOfRevenue": "821000000",
            "discontinuedOperations": "0",
            "ebit": "637000000",
            "effectOfAccountingCharges": "0",
            "extraordinaryItems": "0",
            "fiscalDateEnding": "2016-10-31",
            "grossProfit": "1183000000",
            "incomeBeforeTax": "621000000",
            "incomeTaxExpense": "79000000",
            "interestExpense": "16000000",
            "interestIncome": "None",
            "minorityInterest": "0",
            "netIncome": "542000000",
            "netIncomeApplicableToCommonShares": "542000000",
            "netIncomeFromContinuingOperations": "542000000",
            "netInterestIncome": "None",
            "nonRecurring": "3000000",
            "operatingIncome": "639000000",
            "otherItems": "0",
            "otherNonOperatingIncome": "-2000000",
            "otherOperatingExpense": "0",
            "preferredStockAndOtherAdjustments": "None",
            "reportedCurrency": "USD",
            "researchAndDevelopment": "373000000",
            "sellingGeneralAdministrative": "171000000",
            "taxProvision": "None",
            "totalOperatingExpense": "544000000",
            "totalOtherIncomeExpense": "0",
            "totalRevenue": "2004000000"
        },
        {
            "costOfRevenue": "602000000",
            "discontinuedOperations": "0",
            "ebit": "329000000",
            "effectOfAccountingCharges": "0",
            "extraordinaryItems": "0",
            "fiscalDateEnding": "2016-07-31",
            "grossProfit": "826000000",
            "incomeBeforeTax": "317000000",
            "incomeTaxExpense": "64000000",
            "interestExpense": "12000000",
            "interestIncome": "None",
            "minorityInterest": "0",
            "netIncome": "253000000",
            "netIncomeApplicableToCommonShares": "253000000",
            "netIncomeFromContinuingOperations": "253000000",
            "netInterestIncome": "None",
            "nonRecurring": "2000000",
            "operatingIncome": "317000000",
            "otherItems": "0",
            "otherNonOperatingIncome": "12000000",
            "otherOperatingExpense": "0",
            "preferredStockAndOtherAdjustments": "None",
            "reportedCurrency": "USD",
            "researchAndDevelopment": "350000000",
            "sellingGeneralAdministrative": "157000000",
            "taxProvision": "None",
            "totalOperatingExpense": "509000000",
            "totalOtherIncomeExpense": "0",
            "totalRevenue": "1428000000"
        },
        {
            "costOfRevenue": "554000000",
            "discontinuedOperations": "0",
            "ebit": "253000000",
            "effectOfAccountingCharges": "0",
            "extraordinaryItems": "0",
            "fiscalDateEnding": "2016-04-30",
            "grossProfit": "751000000",
            "incomeBeforeTax": "241000000",
            "incomeTaxExpense": "45000000",
            "interestExpense": "12000000",
            "interestIncome": "None",
            "minorityInterest": "0",
            "netIncome": "196000000",
            "netIncomeApplicableToCommonShares": "196000000",
            "netIncomeFromContinuingOperations": "196000000",
            "netInterestIncome": "None",
            "nonRecurring": "1000000",
            "operatingIncome": "245000000",
            "otherItems": "0",
            "otherNonOperatingIncome": "8000000",
            "otherOperatingExpense": "0",
            "preferredStockAndOtherAdjustments": "None",
            "reportedCurrency": "USD",
            "researchAndDevelopment": "346000000",
            "sellingGeneralAdministrative": "159000000",
            "taxProvision": "None",
            "totalOperatingExpense": "506000000",
            "totalOtherIncomeExpense": "0",
            "totalRevenue": "1305000000"
        },
        {
            "costOfRevenue": "611000000",
            "discontinuedOperations": "0",
            "ebit": "265000000",
            "effectOfAccountingCharges": "0",
            "extraordinaryItems": "0",
            "fiscalDateEnding": "2016-01-31",
            "grossProfit": "790000000",
            "incomeBeforeTax": "254000000",
            "incomeTaxExpense": "46000000",
            "interestExpense": "11000000",
            "interestIncome": "None",
            "minorityInterest": "0",
            "netIncome": "208000000",
            "netIncomeApplicableToCommonShares": "208000000",
            "netIncomeFromContinuingOperations": "208000000",
            "netInterestIncome": "None",
            "nonRecurring": "34000000",
            "operatingIncome": "250000000",
            "otherItems": "0",
            "otherNonOperatingIncome": "15000000",
            "otherOperatingExpense": "0",
            "preferredStockAndOtherAdjustments": "None",
            "reportedCurrency": "USD",
            "researchAndDevelopment": "343000000",
            "sellingGeneralAdministrative": "163000000",
            "taxProvision": "None",
            "totalOperatingExpense": "540000000",
            "totalOtherIncomeExpense": "-135000000",
            "totalRevenue": "1401000000"
        },
        {
            "costOfRevenue": "571000000",
            "discontinuedOperations": "0",
            "ebit": "257000000",
            "effectOfAccountingCharges": "0",
            "extraordinaryItems": "0",
            "fiscalDateEnding": "2015-10-31",
            "grossProfit": "734000000",
            "incomeBeforeTax": "245000000",
            "incomeTaxExpense": "-1000000",
            "interestExpense": "12000000",
            "interestIncome": "None",
            "minorityInterest": "0",
            "netIncome": "246000000",
            "netIncomeApplicableToCommonShares": "246000000",
            "netIncomeFromContinuingOperations": "246000000",
            "netInterestIncome": "None",
            "nonRecurring": "8000000",
            "operatingIncome": "245000000",
            "otherItems": "0",
            "otherNonOperatingIncome": "12000000",
            "otherOperatingExpense": "0",
            "preferredStockAndOtherAdjustments": "None",
            "reportedCurrency": "USD",
            "researchAndDevelopment": "329000000",
            "sellingGeneralAdministrative": "152000000",
            "taxProvision": "None",
            "totalOperatingExpense": "489000000",
            "totalOtherIncomeExpense": "0",
            "totalRevenue": "1305000000"
        }
    ],
    "symbol": "NVDA"
}